<record><leader>00000cas a22000007a 4500</leader><controlfield tag="001">10438817</controlfield><controlfield tag="008">840221d18721895ctuwr ne      0    0eng d</controlfield><datafield ind1=" " ind2=" " tag="010"><subfield code="a">sn 84022489 </subfield></datafield><datafield ind1=" " ind2=" " tag="040"><subfield code="a">NPX</subfield><subfield code="b">eng</subfield><subfield code="c">NPX</subfield><subfield code="d">NPU</subfield><subfield code="d">RHN</subfield><subfield code="d">CNW</subfield><subfield code="d">OCLCQ</subfield></datafield><datafield ind1=" " ind2=" " tag="042"><subfield code="a">msc</subfield></datafield><datafield ind1="0" ind2=" " tag="130"><subfield code="a">Stonington mirror (Stonington, Conn. : 1872)</subfield></datafield><datafield ind1="1" ind2="4" tag="245"><subfield code="a">The Stonington mirror.</subfield></datafield><datafield ind1=" " ind2=" " tag="260"><subfield code="a">Stonington, Conn. :</subfield><subfield code="b">Jerome S. Anderson</subfield></datafield><datafield ind1=" " ind2=" " tag="300"><subfield code="a">volumes ;</subfield><subfield code="c">62 cm</subfield></datafield><datafield ind1=" " ind2=" " tag="310"><subfield code="a">Weekly</subfield></datafield><datafield ind1=" " ind2=" " tag="336"><subfield code="a">text</subfield><subfield code="b">txt</subfield><subfield code="2">rdacontent</subfield></datafield><datafield ind1=" " ind2=" " tag="337"><subfield code="a">unmediated</subfield><subfield code="b">n</subfield><subfield code="2">rdamedia</subfield></datafield><datafield ind1=" " ind2=" " tag="338"><subfield code="a">volume</subfield><subfield code="b">nc</subfield><subfield code="2">rdacarrier</subfield></datafield><datafield ind1="0" ind2=" " tag="362"><subfield code="a">New ser., vol. 2, no. 18 (Aug. 29, 1872)-n.s., v. 7, no. 2 (Dec. 2, 1875) ; v. 7, no. 3 (Dec. 9, 1875)-</subfield></datafield><datafield ind1="1" ind2=" " tag="362"><subfield code="a">Ceased in 1895.</subfield></datafield><datafield ind1=" " ind2=" " tag="500"><subfield code="a">Editor: J.S. Anderson, &lt;1873-1876&gt;.</subfield></datafield><datafield ind1=" " ind2=" " tag="515"><subfield code="a">Issues for 1872-Oct. 18, 1895 also called: Whole no. 706-1352.</subfield></datafield><datafield ind1=" " ind2=" " tag="530"><subfield code="a">Available on microfilm from Joseph Merritt &amp; Co., Hartford, Conn.</subfield></datafield><datafield ind1=" " ind2="4" tag="651"><subfield code="a">Stonington (Conn.)</subfield><subfield code="v">Newspapers.</subfield></datafield><datafield ind1="1" ind2=" " tag="700"><subfield code="a">Anderson, Jerome S.,</subfield><subfield code="d">1843-</subfield></datafield><datafield ind1=" " ind2=" " tag="752"><subfield code="a">United States</subfield><subfield code="b">Connecticut</subfield><subfield code="c">New London</subfield><subfield code="d">Stonington.</subfield></datafield><datafield ind1="0" ind2=" " tag="775"><subfield code="t">Mystic journal (Mystic, Conn. : 1872)</subfield><subfield code="w">(DLC)sn 84022394</subfield><subfield code="w">(OCoLC)10428377</subfield></datafield><datafield ind1="0" ind2="7" tag="780"><subfield code="t">Weekly mirror-journal</subfield><subfield code="w">(DLC)sn 92064254</subfield><subfield code="w">(OCoLC)27184925</subfield></datafield><datafield ind1="0" ind2="0" tag="785"><subfield code="t">Stonington semi-weekly mirror</subfield><subfield code="w">(DLC)sn 93053899</subfield></datafield><datafield ind1="1" ind2=" " tag="029"><subfield code="a">AU@</subfield><subfield code="b">000020333599</subfield></datafield></record>